<record><leader>00000cas a22000007a 4500</leader><controlfield tag="001">29289413</controlfield><controlfield tag="008">931109d19181937caudn ne      0    0eng d</controlfield><datafield ind1=" " ind2=" " tag="010"><subfield code="a">sn 93053223 </subfield></datafield><datafield ind1=" " ind2=" " tag="040"><subfield code="a">CNK</subfield><subfield code="b">eng</subfield><subfield code="c">CNK</subfield><subfield code="d">OCLCQ</subfield></datafield><datafield ind1=" " ind2=" " tag="042"><subfield code="a">msc</subfield></datafield><datafield ind1="0" ind2="4" tag="245"><subfield code="a">The Oxnard daily courier and the Oxnard daily news.</subfield></datafield><datafield ind1=" " ind2=" " tag="260"><subfield code="a">Oxnard, Ventura County, Calif. :</subfield><subfield code="b">James J. Krouser</subfield></datafield><datafield ind1=" " ind2=" " tag="300"><subfield code="a">v.</subfield></datafield><datafield ind1=" " ind2=" " tag="310"><subfield code="a">Daily (except Sun.)</subfield></datafield><datafield ind1="0" ind2=" " tag="362"><subfield code="a">Vol. 12, no. 179 (Aug. 2, 1918)-v. 29, no. 211 (Mar. 10, 1937).</subfield></datafield><datafield ind1=" " ind2="4" tag="651"><subfield code="a">Oxnard (Calif.)</subfield><subfield code="v">Newspapers.</subfield></datafield><datafield ind1=" " ind2=" " tag="752"><subfield code="a">United States</subfield><subfield code="b">California</subfield><subfield code="c">Ventura</subfield><subfield code="d">Oxnard.</subfield></datafield><datafield ind1="0" ind2="4" tag="780"><subfield code="t">Oxnard daily courier (Oxnard, Calif. : 1912)</subfield><subfield code="w">(DLC)sn 93053222</subfield></datafield><datafield ind1="0" ind2="4" tag="780"><subfield code="t">Oxnard daily news</subfield></datafield><datafield ind1="0" ind2="0" tag="785"><subfield code="t">Oxnard daily courier (Oxnard, Calif. : 1937)</subfield><subfield code="w">(DLC)sn 93053224</subfield></datafield><datafield ind1="1" ind2=" " tag="029"><subfield code="a">AU@</subfield><subfield code="b">000025904571</subfield></datafield></record>